<record><leader>00000cas a22000007a 4500</leader><controlfield tag="001">9897587</controlfield><controlfield tag="008">830912d18431844nyuwr ne      0    0eng d</controlfield><datafield ind1=" " ind2=" " tag="010"><subfield code="a">sn 85038676 </subfield></datafield><datafield ind1=" " ind2=" " tag="040"><subfield code="a">VVX</subfield><subfield code="b">eng</subfield><subfield code="c">VVX</subfield><subfield code="d">NPY</subfield><subfield code="d">NPX</subfield><subfield code="d">MGN</subfield><subfield code="d">NYS</subfield><subfield code="d">OCL</subfield><subfield code="d">OCLCF</subfield><subfield code="d">OCLCO</subfield></datafield><datafield ind1="1" ind2=" " tag="029"><subfield code="a">AU@</subfield><subfield code="b">000020125522</subfield></datafield><datafield ind1=" " ind2=" " tag="042"><subfield code="a">msc</subfield></datafield><datafield ind1="0" ind2="0" tag="245"><subfield code="a">Albany weekly patriot.</subfield></datafield><datafield ind1=" " ind2=" " tag="260"><subfield code="a">Albany, N.Y. :</subfield><subfield code="b">Noble &amp; Torrey,</subfield></datafield><datafield ind1=" " ind2=" " tag="300"><subfield code="a">v. ;</subfield><subfield code="c">57 cm.</subfield></datafield><datafield ind1=" " ind2=" " tag="310"><subfield code="a">Weekly</subfield></datafield><datafield ind1="0" ind2=" " tag="362"><subfield code="a">Vol. 2, no. 14 (Jan 19, 1843)-v. 3, no. 41 (Aug. 14, 1844).</subfield></datafield><datafield ind1=" " ind2=" " tag="500"><subfield code="a">Anti-Slavery.</subfield></datafield><datafield ind1=" " ind2=" " tag="580"><subfield code="a">Campaign ed.: Birney advocate (non-extant?).</subfield></datafield><datafield ind1=" " ind2="0" tag="651"><subfield code="a">Albany (N.Y.)</subfield><subfield code="v">Newspapers.</subfield></datafield><datafield ind1=" " ind2="7" tag="655"><subfield code="a">Newspapers.</subfield><subfield code="2">fast</subfield><subfield code="0">(OCoLC)fst01423814</subfield></datafield><datafield ind1=" " ind2="7" tag="651"><subfield code="a">New York (State)</subfield><subfield code="z">Albany.</subfield><subfield code="2">fast</subfield><subfield code="0">(OCoLC)fst01225716</subfield></datafield><datafield ind1=" " ind2=" " tag="752"><subfield code="a">United States</subfield><subfield code="b">New York</subfield><subfield code="c">Albany</subfield><subfield code="d">Albany.</subfield></datafield><datafield ind1="0" ind2=" " tag="775"><subfield code="t">Albany daily patriot</subfield><subfield code="w">(DLC)sn 84020778</subfield></datafield><datafield ind1="1" ind2=" " tag="775"><subfield code="t">Birney advocate</subfield></datafield><datafield ind1="0" ind2="0" tag="780"><subfield code="t">Tocsin of liberty</subfield><subfield code="w">(DLC)sn 83030818</subfield></datafield><datafield ind1="0" ind2="5" tag="780"><subfield code="t">American citizen (Warsaw, N.Y.)</subfield><subfield code="w">(DLC)sn 84026648</subfield></datafield><datafield ind1="0" ind2="0" tag="785"><subfield code="t">Albany patriot (Albany, N.Y. : 1844)</subfield><subfield code="w">(DLC)sn 83030817</subfield></datafield></record>